@Article{moog_filter,
Author = {Federico Fontana},
Journal = {Proc. Int. Comput. Music Conf.},
Title = {Preserving The Structure of the Moog {VCF}
in the Digital Domain},
Year = {2007},
}

